@Article{Wu2022DelayadaptiveSF,
 author = {Xuyang Wu and S. Magnússon and Hamid Reza Feyzmahdavian and M. Johansson},
 booktitle = {International Conference on Machine Learning},
 pages = {24093-24113},
 title = {Delay-adaptive step-sizes for asynchronous learning},
 year = {2022}
}

@Article{Dvurechensky2019AdvancesIL,
 author = {P. Dvurechensky and A. Gasnikov and E. Nurminsky and F. Stonyakin},
 booktitle = {Numerical Nonsmooth Optimization},
 journal = {Numerical Nonsmooth Optimization},
 title = {Advances in Low-Memory Subgradient Optimization},
 year = {2019}
}

@Inproceedings{Krishtal2023OnLC,
 author = {I. Krishtal and Brendan Miller},
 title = {On Low-Rank Convex-Convex Quadratic Fractional Programming},
 year = {2023}
}

@Inproceedings{Wilkening2025AQS,
 author = {Soren Wilkening and Andreea-Iulia Lefterovici and Lennart Binkowski and Marlene Funck and Michael Perk and Robert Karimov and Sándor P. Fekete and Tobias J. Osborne},
 title = {A quantum search method for quadratic and multidimensional knapsack problems},
 year = {2025}
}

@Article{Duchi2011AdaptiveSM,
 author = {John C. Duchi and Elad Hazan and Y. Singer},
 booktitle = {Journal of machine learning research},
 journal = {J. Mach. Learn. Res.},
 pages = {2121-2159},
 title = {Adaptive Subgradient Methods for Online Learning and Stochastic Optimization},
 volume = {12},
 year = {2011}
}

@Article{Hu2022AcceleratedSR,
 author = {Mengqi Hu and Y. Lou and Bao Wang and Ming Yan and Xiu Yang and Q. Ye},
 booktitle = {Journal of Scientific Computing},
 journal = {Journal of Scientific Computing},
 pages = {1-21},
 title = {Accelerated Sparse Recovery via Gradient Descent with Nonlinear Conjugate Gradient Momentum},
 volume = {95},
 year = {2022}
}

@Article{Stich2014OnLC,
 author = {Sebastian U. Stich},
 booktitle = {Parallel Problem Solving from Nature},
 pages = {130-140},
 title = {On Low Complexity Acceleration Techniques for Randomized Optimization},
 year = {2014}
}

@Inproceedings{Orgun2007AI2,
 author = {M. Orgun and J. Thornton},
 title = {AI 2007 : Advances in artificial intelligence : 20th Australian Joint Conference on Artificial Intelligence Gold Coast, Australia, December 2-6, 2007 : proceedings},
 year = {2007}
}

@Article{Vankov2024OptimizingL,
 author = {Daniil Vankov and Anton Rodomanov and A. Nedić and Lalitha Sankar and Sebastian U. Stich},
 booktitle = {International Conference on Learning Representations},
 title = {Optimizing (L0, L1)-Smooth Functions by Gradient Methods},
 year = {2024}
}

@Inproceedings{Gorbunov2024MethodsFC,
 author = {Eduard Gorbunov and Nazarii Tupitsa and Sayantan Choudhury and Alen Aliev and Peter Richt'arik and Samuel Horv'ath and Martin Tak'avc},
 title = {Methods for Convex $(L_0,L_1)$-Smooth Optimization: Clipping, Acceleration, and Adaptivity},
 year = {2024}
}

@Inproceedings{Huang2024RestartedPH,
 author = {Yicheng Huang and Wanyu Zhang and Hongpei Li and Dongdong Ge and Huikang Liu and Yinyu Ye},
 title = {Restarted Primal-Dual Hybrid Conjugate Gradient Method for Large-Scale Quadratic Programming},
 year = {2024}
}

@Article{Robles-Kelly2019IncorporatingTB,
 author = {A. Robles-Kelly and A. Nazari},
 booktitle = {International Conference on Digital Image Computing: Techniques and Applications},
 journal = {2019 Digital Image Computing: Techniques and Applications (DICTA)},
 pages = {1-6},
 title = {Incorporating the Barzilai-Borwein Adaptive Step Size into Sugradient Methods for Deep Network Training},
 year = {2019}
}

@Article{Tovbis2024NewtonianPO,
 author = {Elena M. Tovbis and Vladimit N. Krutikov and L. Kazakovtsev},
 booktitle = {Mathematics},
 journal = {Mathematics},
 title = {Newtonian Property of Subgradient Method with Optimization of Metric Matrix Parameter Correction},
 year = {2024}
}

@Article{Scagliotti2023ASM,
 author = {Alessandro Scagliotti and P. C. Franzone},
 booktitle = {Bollettino dell'Unione Matematica Italiana},
 journal = {Bollettino dell'Unione Matematica Italiana},
 pages = {1-20},
 title = {A subgradient method with constant step-size for 
 
 
 
 $$\ell _1$$
 
 
 ℓ
 1
 
 
 -composite optimization},
 year = {2023}
}

@Article{Beck2009AFI,
 author = {Amir Beck and M. Teboulle},
 booktitle = {SIAM Journal of Imaging Sciences},
 journal = {SIAM J. Imaging Sci.},
 pages = {183-202},
 title = {A Fast Iterative Shrinkage-Thresholding Algorithm for Linear Inverse Problems},
 volume = {2},
 year = {2009}
}

@Inproceedings{Piper2016AnOO,
 author = {R. Piper},
 title = {An overview of gradient descent optimization algorithms},
 year = {2016}
}

@Article{Pei2014ATA,
 author = {Yonggang Pei and D. Zhu},
 booktitle = {International Journal of Computational Mathematics},
 journal = {International Journal of Computer Mathematics},
 pages = {1817 - 1839},
 title = {A trust-region algorithm combining line search filter technique for nonlinear constrained optimization},
 volume = {91},
 year = {2014}
}

@Inproceedings{Nocedal2018NumericalO,
 author = {J. Nocedal and Stephen J. Wright},
 booktitle = {Fundamental Statistical Inference},
 pages = {1-634},
 title = {Numerical Optimization},
 year = {2018}
}

@Inproceedings{Cruaciun2024OnTC,
 author = {Alexandru Cruaciun and D. Ghoshdastidar},
 title = {On the Convergence of Gradient Descent for Large Learning Rates},
 year = {2024}
}

@Article{Adeoye2024AnIS,
 author = {Adeyemi Damilare Adeoye and A. Bemporad},
 booktitle = {IEEE Transactions on Neural Networks and Learning Systems},
 journal = {IEEE Transactions on Neural Networks and Learning Systems},
 pages = {2762-2776},
 title = {An Inexact Sequential Quadratic Programming Method for Learning and Control of Recurrent Neural Networks},
 volume = {36},
 year = {2024}
}

@Article{Diakonikolas2020EfficientMF,
 author = {Jelena Diakonikolas and C. Daskalakis and Michael I. Jordan},
 booktitle = {International Conference on Artificial Intelligence and Statistics},
 pages = {2746-2754},
 title = {Efficient Methods for Structured Nonconvex-Nonconcave Min-Max Optimization},
 year = {2020}
}

@Article{Qu2020AFA,
 author = {Quan Qu and Xianfeng Ding and Xinyi Wang},
 booktitle = {Symmetry},
 journal = {Symmetry},
 pages = {656},
 title = {A Filter and Nonmonotone Adaptive Trust Region Line Search Method for Unconstrained Optimization},
 volume = {12},
 year = {2020}
}

@Article{Ahmedai2025ACS,
 author = {Salma Ahmedai and P. Sibanda and S. Goqo and O. Noreldin},
 booktitle = {International Journal of Differential Equations},
 journal = {International Journal of Differential Equations},
 title = {A Comparative Study of Linearization Techniques With Adaptive Block Hybrid Method for Solving First‐Order Initial Value Problems},
 year = {2025}
}

@Article{Rubino2016MetabolicSI,
 author = {F. Rubino and D. Nathan and R. Eckel and P. Schauer and K. Alberti and P. Zimmet and S. Prato and L. Ji and S. Sadikot and W. Herman and S. Amiel and L. Kaplan and G. Taroncher-Oldenburg and D. Cummings and O. Summit},
 booktitle = {Obesity Surgery},
 journal = {Obesity Surgery},
 pages = {2-21},
 title = {Metabolic Surgery in the Treatment Algorithm for Type 2 Diabetes: a Joint Statement by International Diabetes Organizations},
 volume = {27},
 year = {2016}
}

@Article{Luo2019AdaptiveGM,
 author = {Liangchen Luo and Yuanhao Xiong and Yan Liu and Xu Sun},
 booktitle = {International Conference on Learning Representations},
 journal = {ArXiv},
 title = {Adaptive Gradient Methods with Dynamic Bound of Learning Rate},
 volume = {abs/1902.09843},
 year = {2019}
}

@Article{Su2014ADE,
 author = {Weijie Su and Stephen P. Boyd and E. Candès},
 booktitle = {Journal of machine learning research},
 pages = {2510-2518},
 title = {A Differential Equation for Modeling Nesterov's Accelerated Gradient Method: Theory and Insights},
 year = {2014}
}